@online{seismocloud,
  title = {SeismoCloud},
  url   = {https://www.seismocloud.com/it/},
  note  = {Sito Web ufficiale del progetto}
}

@misc{michele,
  author = {Spina, Michele},
  title  = {Design e development in Android dell’UI per l’interazione sociale in SeismoCloud},
  year   = 2021
}

@online{mcs,
  author = {Dipartimento della Protezione Civile},
  title  = {Scala macrosismica Mercalli-Cancani-Sieberg},
  url    = {https://www.protezionecivile.gov.it/it/approfondimento/scala-macrosismica-mercalli-cancani-sieberg},
  date   = {2021-03-07}
}

@online{ingv-data,
  author = {Osservatorio Nazionale Terremoti INGV},
  title  = {Web Services e Software},
  url    = {http://cnt.rm.ingv.it/webservices_and_software/}
}

@online{nominatim,
  author = {OpenStreetMap Foundation},
  title  = {Nominatim: Open-source geocoding with OpenStreetMap data},
  url    = {https://nominatim.org/}
}

@online{rest,
  author = {Fielding, Roy Thomas},
  title  = {Architectural Styles and the Design of Network-based Software Architectures},
  year   = 2000,
  url    = {https://www.ics.uci.edu/~fielding/pubs/dissertation/rest_arch_style.htm},
  note   = {Viene riportato in particolare il Capitolo 5 che si concentra su REST}
}

@online{http,
  author = {Wikimedia Foundation},
  title  = {Hypertext Transfer Protocol},
  url    = {https://en.wikipedia.org/wiki/Hypertext_Transfer_Protocol},
  note   = {Viene riportata la pagina Wikipedia così da permettere la selezione delle singole specifiche RFC}
}

@techreport{http-methods,
  author = {IETF},
  title  = {Hypertext Transfer Protocol (HTTP/1.1): Semantics and Content},
  type   = {RFC},
  number = 7231,
  year   = 2014,
  month  = 06,
  url    = {https://datatracker.ietf.org/doc/html/rfc7231}
}

@techreport{uri,
  author = {IETF},
  title  = {Uniform Resource Identifier (URI): Generic Syntax},
  type   = {RFC},
  number = 3986,
  year   = 2005,
  month  = 01,
  url    = {https://datatracker.ietf.org/doc/html/rfc3986}
}

@techreport{json,
  author = {IETF},
  title  = {The JavaScript Object Notation (JSON) Data Interchange Format},
  type   = {RFC},
  number = 8259,
  year   = 2017,
  month  = 12,
  url    = {https://datatracker.ietf.org/doc/html/rfc8259}
}

@online{openapi,
  author = {OpenAPI Initiative},
  title  = {OpenAPI Specification 3.0.0},
  date   = {2017-07-26},
  url    = {https://spec.openapis.org/oas/v3.0.0}
}

@online{json-schema,
  title  = {JSON Schema specification},
  date   = {2020-12},
  url    = {https://json-schema.org/specification.html},
  note   = {Viene riportata la pagina Web da cui è possibile selezionale le singole specifiche}
}

@online{yaml,
  author = {Clark Evans},
  title  = {YAML Ain’t Markup Language (YAML™) Version 1.2},
  date   = {2009-10-01},
  url    = {https://yaml.org/spec/1.2/spec.html}
}

@techreport{mediatype-spec,
  author = {IETF},
  title  = {Media Type Specifications and Registration Procedures},
  type   = {RFC},
  number = 6838,
  year   = 2013,
  month  = 01,
  url    = {https://datatracker.ietf.org/doc/html/rfc6838}
}

@online{mediatype-ass,
  author = {IANA},
  title  = {Media Types},
  date   = {2021-06-24},
  url    = {https://www.iana.org/assignments/media-types/media-types.xhtml}
}

@techreport{json-token,
  author = {IETF},
  title  = {JSON Web Token (JWT)},
  type   = {RFC},
  number = 7519,
  year   = 2015,
  month  = 05,
  url    = {https://datatracker.ietf.org/doc/html/rfc7519}
}

@online{go,
  author = {The Go Authors},
  title  = {Go},
  url    = {https://golang.org/},
  note   = {Viene riportato il sito Web del progetto Go da cui è possibile approfondire i singoli aspetti del linguaggio}
}



